

@misc{Podkopaev-al:ECOOP17TR,
  author =        {Anton Podkopaev and Ori Lahav and Viktor Vafeiadis},
  note =          {Available at \url{http://podkopaev.net/armpromise}
                   [Online; accessed 16-May-2017]},
  title =         {Promising Compilation to {ARMv8 POP}. {E}xtended
                   Version},
  year =          {2017},
}

@inproceedings{Kang-al:POPL17,
  author =        {Jeehoon Kang and Chung-Kil Hur and Ori Lahav and
                   Viktor Vafeiadis and Derek Dreyer},
  booktitle =     {POPL 2017},
  publisher =     {{ACM}},
  title =         {A Promising Semantics for Relaxed-Memory Concurrency},
  year =          {2017},
  doi       = {10.1145/3009837.3009850},
}

@inproceedings{Podkopaev-al:ECOOP17,
  author =        {Anton Podkopaev and 
                   Ori Lahav and
                   Viktor Vafeiadis},
  booktitle =     {ECOOP 2017},
  title={Promising Compilation to {ARMv8 POP}},
  year={2017},
  organization={Schloss Dagstuhl-Leibniz-Zentrum fuer Informatik}
}

@inproceedings{Flur-al:POPL16,
  author =        {Shaked Flur and Kathryn E. Gray and Christopher Pulte and
                   Susmit Sarkar and Ali Sezgin and Luc Maranget and
                   Will Deacon and Peter Sewell},
  booktitle =     {POPL 2016},
  pages =         {608--621},
  publisher =     {{ACM}},
  title =         {Modelling the {ARMv8} Architecture, Operationally:
                   Concurrency and {ISA}},
  year =          {2016},
  doi       = {10.1145/2837614.2837615},
}

@article{Lamport:TC79,
  author =        {Leslie Lamport},
  journal =       {{IEEE} Trans. Computers},
  number =        {9},
  pages =         {690--691},
  title =         {How to Make a Multiprocessor Computer That Correctly
                   Executes Multiprocess Programs},
  volume =        {28},
  year =          {1979},
  doi       = {10.1109/TC.1979.1675439},
}

@article{Sewell-al:CACM10,
  author =        {Peter Sewell and Susmit Sarkar and Scott Owens and
                   Francesco Zappa Nardelli and Magnus O. Myreen},
  journal =       {Commun. ACM},
  number =        {7},
  pages =         {89--97},
  title =         {{x86-TSO}: {A} Rigorous and Usable Programmer's Model
                   for x86 Multiprocessors},
  volume =        {53},
  year =          {2010},
  doi = {10.1145/1785414.1785443},
}

@inproceedings{Sarkar-al:PLDI11,
  author =        {Susmit Sarkar and Peter Sewell and Jade Alglave and
                   Luc Maranget and Derek Williams},
  booktitle =     {PLDI 2011},
  pages =         {175--186},
  publisher =     {ACM},
  title =         {Understanding {POWER} Multiprocessors},
  year =          {2011},
  doi =           {10.1145/1993498.1993520},
}

@article{Alglave-al:TOPLAS14,
  author =        {Jade Alglave and Luc Maranget and Michael Tautschnig},
  journal =       {{ACM} Trans. Program. Lang. Syst.},
  number =        {2},
  pages =         {7:1--7:74},
  title =         {Herding Cats: Modelling, Simulation, Testing, and
                   Data Mining for Weak Memory},
  volume =        {36},
  year =          {2014},
  doi =           {10.1145/2627752},
}

@misc{ARMv82,
  note =          {Available at
  \url{https://developer.arm.com/docs/ddi0487/latest/arm-architecture-reference-manual-armv8-for-armv8-a-architecture-profile}
  [Online; accessed 16-May-2017]},
  title =         {{ARM} Architecture Reference Manual: {ARMv8}, for
                   {ARMv8-A} Architecture Profile}},
}

@misc{HerdRepo,
  note =          {Available at \url{https://github.com/herd/herdtools7}
                   [Online; accessed 16-May-2017]},
  title =         {The \texttt{herdtools7} repository},
}

@inproceedings{Lahav-Vafeiadis:FM16,
  author =        {Ori Lahav and Viktor Vafeiadis},
  booktitle =     {FM 2016},
  publisher =     {Springer},
  title =         {Explaining Relaxed Memory Models with Program Transformations},
  year =          {2016},
  doi       = {10.1007/978-3-319-48989-6_29},
}

@inproceedings{Boehm-Demsky:MSPC14,
  author =        {Hans-J. Boehm and Brian Demsky},
  booktitle =     {MSPC 2014},
  pages =         {7:1--7:6},
  publisher =     {ACM},
  title =         {Outlawing Ghosts: Avoiding Out-of-thin-air Results},
  year =          {2014},
  doi       = {10.1145/2618128.2618134},
}

@inproceedings{PichonPharabod-Sewell:POPL16,
  author =        {Jean Pichon-Pharabod and Peter Sewell},
  booktitle =     {POPL 2016},
  pages =         {622--633},
  publisher =     {{ACM}},
  title =         {A Concurrency Semantics for Relaxed Atomics that
                   Permits Optimisation and Avoids Thin-Air Executions},
  year =          {2016},
  doi       = {10.1145/2837614.2837616},
}

@article{Zhang-Feng:2016,
  author =        {Zhang, Yang and Feng, Xinyu},
  journal =       {Frontiers of Computer Science},
  number =        {1},
  pages =         {54--81},
  title =         {An Operational Happens-Before Memory Model},
  volume =        {10},
  year =          {2016},
  doi =           {10.1007/s11704-015-4492-4},
}

@inproceedings{Jeffrey-Riely:LICS16,
  author =        {Alan Jeffrey and James Riely},
  booktitle =     {LICS 2016},
  publisher =     {IEEE},
  title =         {On Thin Air Reads: Towards an Event Structures
                   Model of Relaxed Memory},
  year =          {2016},
  doi       = {10.1145/2933575.2934536},
}

@article{Podkopaev-al:CoRR16,
  author =        {Anton Podkopaev and Ilya Sergey and Aleksandar Nanevski},
  journal =       {CoRR},
  title =         {Operational Aspects of {C/C++} Concurrency},
  volume =        {abs/1606.01400},
  year =          {2016},
  url =           {http://arxiv.org/abs/1606.01400},
}

@inproceedings{Manson-al:POPL05,
  author =        {Jeremy Manson and William Pugh and Sarita V. Adve},
  booktitle =     {POPL 2005},
  pages =         {378--391},
  publisher =     {ACM},
  title =         {The {Java} Memory Model},
  year =          {2005},
  doi =           {10.1145/1040305.1040336},
}

@inproceedings{Batty-al:POPL11,
  author =        {Mark Batty and Scott Owens and Susmit Sarkar and
                   Peter Sewell and Tjark Weber},
  booktitle =     {POPL 2011},
  pages =         {55--66},
  publisher =     {ACM},
  title =         {Mathematizing {C++} Concurrency},
  year =          {2011},
  doi = {10.1145/1925844.1926394},
}

@book{Hennessy-Patterson:BOOK,
  author =        {John L. Hennessy and David A. Patterson},
  publisher =     {Morgan Kaufmann},
  title =         {Computer Architecture - {A} Quantitative Approach
                   (5. ed.)},
  year =          {2012},
}

@inproceedings{Batty-al:ESOP15,
  author =        {Mark Batty and Kayvan Memarian and Kyndylan Nienhuis and
                   Jean Pichon{-}Pharabod and Peter Sewell},
  booktitle =     {ESOP},
  pages =         {283--307},
  publisher =     {Springer},
  series =        {LNCS},
  title =         {The Problem of Programming Language Concurrency Semantics},
  volume =        {9032},
  year =          {2015},
  doi  = {10.1007/978-3-662-46669-8_12},
}

@inproceedings{Lahav-al:PLDI17,
  author =        {Ori Lahav and Viktor Vafeiadis and Jeehoon Kang and
                   Chung-Kil Hur and Derek Dreyer},
  booktitle =     {PLDI 2017},
  publisher =     {ACM},
  title =         {Repairing Sequential Consistency in {C/C++11}},
  year =          {2017},
}

@article{Manerkar-al:CoRR16,
  author =        {Yatin A. Manerkar and Caroline Trippel and
                   Daniel Lustig and Michael Pellauer and
                   Margaret Martonosi},
  journal =       {CoRR},
  title =         {Counterexamples and Proof Loophole for the {C/C++}
                   to {POWER} and {ARMv7} Trailing-Sync Compiler
                   Mappings},
  volume =        {abs/1611.01507},
  year =          {2016},
  url =           {http://arxiv.org/abs/1611.01507},
}

@article{Lynch-Vaandrager:IC95,
  author =        {Nancy Lynch and Frits Vaandrager},
  journal =       {Inf. Comput.},
  number =        {2},
  pages =         {214--233},
  title =         {Forward and Backward Simulations: {I.} {U}ntimed Systems},
  volume =        {121},
  year =          {1995},
  doi = {10.1006/inco.1995.1134},
}

@article{Abadi-Lamport:TCS91,
  author =        {Mart{\'{\i}}n Abadi and Leslie Lamport},
  journal =       {Theor. Comput. Sci.},
  number =        {2},
  pages =         {253--284},
  title =         {The Existence of Refinement Mappings},
  volume =        {82},
  year =          {1991},
  doi = {10.1109/LICS.1988.5115},
}

@inproceedings{Wickerson-al:POPL17,
  author =        {John Wickerson and Mark Batty and Tyler Sorensen and
                   George A. Constantinides},
  booktitle =     {POPL 2017},
  publisher =     {{ACM}},
  title =         {Automatically Comparing Memory Consistency Models},
  year =          {2017},
  doi = {10.1145/3009837.3009838},
}

@misc{CompScheme,
  note =          {Available at
  \url{https://www.cl.cam.ac.uk/~pes20/cpp/cpp0xmappings.html}. [Online;
  accessed 16-May-2017]},
  title =         {{C/C++11} Mappings to Processors},
}

@misc{CPP:11,
  title = {{ISO/IEC 14882:2011. Programming language C++}},
  year = {2011},
}

@misc{C:11,
  title = {{ISO/IEC 9899:2011. Programming language C}},
  year = {2011},
}


@inproceedings{Vafeiadis-al:POPL15,
  author    = {Viktor Vafeiadis and
               Thibaut Balabonski and
               Soham Chakraborty and
               Robin Morisset and
               Francesco Zappa Nardelli},
  title     = {{Common Compiler Optimisations are Invalid
                in the C11 Memory Model
                and what we can do about it}},
  pages     = {209--220},
  opteditor    = {Sriram K. Rajamani and
               David Walker},
  booktitle = {POPL 2015},
  optbooktitle     = {Proceedings of the 42nd annual {ACM} {SIGPLAN-SIGACT} symposium on
               Principles of programming languages ({POPL}~2015)},
  publisher = {{ACM}},
  year      = {2015},
}

@misc{Pulte-al:draft17,
  author = {Christopher Pulte and Shaked Flur and Will Deacon and Jon French and Susmit Sarkar and Peter Sewell},
  title = {Simplifying {ARM} Concurrency: Multicopy-atomic Axiomatic and Operational Models for {ARMv8}},
  year = {2017},
  month = jul,
  note = {Draft, available at \url{http://www.cl.cam.ac.uk/~pes20/armv8-mca/armv8-mca-draft.pdf} [Online; accessed 19-Jul-2017]},
  project = {http://www.cl.cam.ac.uk/~pes20/armv8-mca/},
}